@article{clasnote:CEBAF,
	author       = {D. Douglas, C. Leemann, and G. Krafft},
	title        = {THE CONTINUOUS ELECTRON BEAM ACCELERATOR FACILITY: CEBAF at the Jefferson Laboratory},
	year         = {2001},
	title = {Annu. Rev. Nucl. Part. Sci. 2001. 51:413â€“50},
	howpublished = {\url{https://www.jlab.org/div_dept/physics_division/talks/Background/Accelerator/CEBAF_Ann_Rev_2001.pdf}},
}

@article{clasnote:EC_geo,
	author       = {G. {Gilfoyle}, and K. Sherman},
	title        = {{Geometry Update for the Electromagnetic Calorimeter in CLAS12}},
	journal		= {CLAS12 Note 2014-008},
	year         = {2014},
	howpublished =  {\url{https://misportal.jlab.org/mis/physics/clas12/viewFile.cfm/2014-008.pdf?documentId=16}},
}


